@article{mu2024robocodex,
  title={Robocodex: Multimodal code generation for robotic behavior synthesis},
  author={Mu, Yao and Chen, Junting and Zhang, Qinglong and Chen, Shoufa and Yu, Qiaojun and Ge, Chongjian and Chen, Runjian and Liang, Zhixuan and Hu, Mengkang and Tao, Chaofan and others},
  journal={arXiv preprint arXiv:2402.16117},
  year={2024}
}
@article{xie2025robotic,
  title={Robotic programmer: Video instructed policy code generation for robotic manipulation},
  author={Xie, Senwei and Wang, Hongyu and Xiao, Zhanqi and Wang, Ruiping and Chen, Xilin},
  journal={arXiv preprint arXiv:2501.04268},
  year={2025}
}
@article{chu2023mobilevlm,
  title={Mobilevlm: A fast, strong and open vision language assistant for mobile devices},
  author={Chu, Xiangxiang and Qiao, Limeng and Lin, Xinyang and Xu, Shuang and Yang, Yang and Hu, Yiming and Wei, Fei and Zhang, Xinyu and Zhang, Bo and Wei, Xiaolin and others},
  journal={arXiv preprint arXiv:2312.16886},
  year={2023}
}
@article{DBLP:journals/corr/LinMBHPRDZ14,
  author       = {Tsung{-}Yi Lin and
                  Michael Maire and
                  Serge J. Belongie and
                  Lubomir D. Bourdev and
                  Ross B. Girshick and
                  James Hays and
                  Pietro Perona and
                  Deva Ramanan and
                  Piotr Doll{\'{a}}r and
                  C. Lawrence Zitnick},
  title        = {Microsoft {COCO:} Common Objects in Context},
  journal      = {CoRR},
  volume       = {abs/1405.0312},
  year         = {2014},
  url          = {http://arxiv.org/abs/1405.0312},
  eprinttype    = {arXiv},
  eprint       = {1405.0312},
  timestamp    = {Mon, 13 Aug 2018 16:48:13 +0200},
  biburl       = {https://dblp.org/rec/journals/corr/LinMBHPRDZ14.bib},
  bibsource    = {dblp computer science bibliography, https://dblp.org}
}
@article{everingham2010pascal,
  title={The pascal visual object classes (voc) challenge},
  author={Everingham, Mark and Van Gool, Luc and Williams, Christopher KI and Winn, John and Zisserman, Andrew},
  journal={International journal of computer vision},
  volume={88},
  number={2},
  pages={303--338},
  year={2010},
  publisher={Springer}
}
@software{yolo11_ultralytics,
  author = {Glenn Jocher and Jing Qiu},
  title = {Ultralytics YOLO11},
  version = {11.0.0},
  year = {2024},
  url = {https://github.com/ultralytics/ultralytics},
  orcid = {0000-0001-5950-6979, 0000-0003-3783-7069},
  license = {AGPL-3.0}
}

@inproceedings{sandler2018mobilenetv2,
  title={Mobilenetv2: Inverted residuals and linear bottlenecks},
  author={Sandler, Mark and Howard, Andrew and Zhu, Menglong and Zhmoginov, Andrey and Chen, Liang-Chieh},
  booktitle={Proceedings of the IEEE conference on computer vision and pattern recognition},
  pages={4510--4520},
  year={2018}
}

@online{aita_lab,
  author       = "{AI Technology and Application Research Lab}",
  title        = "{Home}",
  year         = {2025},
  url          = {https://aita-lab.github.io/},
  note         = "[Online; accessed 10-October-2025]"
}

@article{chu2024mobilevlm,
  title={Mobilevlm v2: Faster and stronger baseline for vision language model},
  author={Chu, Xiangxiang and Qiao, Limeng and Zhang, Xinyu and Xu, Shuang and Wei, Fei and Yang, Yang and Sun, Xiaofei and Hu, Yiming and Lin, Xinyang and Zhang, Bo and others},
  journal={arXiv preprint arXiv:2402.03766},
  year={2024}
}